@misc{Bracey.2014,
 author = {Bracey, Kezz},
 year = {2014},
 title = {Why I Choose Stylus},
 url = {http://webdesign.tutsplus.com/articles/why-i-choose-stylus-and-you-should-too--webdesign-18412},
 urldate = {2014-10-26}
}


@misc{Coyier.2012,
 author = {Coyier, Chris},
 year = {2012},
 title = {Sass vs. Less},
 url = {http://css-tricks.com/sass-vs-less/},
 urldate = {2014-10-26}
}


@misc{Croom.2012,
 author = {Croom, Johnathan},
 year = {2012},
 title = {Sass vs. Less vs. Stylus: Preprocessor Shootout},
 url = {http://code.tutsplus.com/tutorials/sass-vs-less-vs-stylus-preprocessor-shootout--net-24320},
 urldate = {2014-10-26}
}


@misc{Firdaus.,
 author = {Firdaus, Thoriq},
 title = {CSS Preprocessors Compared: Sass vs. LESS},
 url = {http://www.hongkiat.com/blog/sass-vs-less/},
 urldate = {2014-10-26}
}


@misc{Hixon.2011,
 author = {Hixon, Jeremy},
 year = {2011},
 title = {An Introduction to Less, and Comparison to Sass},
 url = {http://www.smashingmagazine.com/2011/09/09/an-introduction-to-less-and-comparison-to-sass/},
 urldate = {2014-10-26}
}


@misc{Page.2013,
 author = {Page, Luke},
 year = {2013},
 title = {Less vs. Sass vs. Stylus},
 url = {http://www.scottlogic.com/blog/2013/03/08/less-vs-sass-vs-stylus.html},
 urldate = {2014-10-26}
}


@misc{ZingDesign.2014,
 author = {Zing Design, Sam},
 year = {2014},
 title = {Less vs. Sass},
 url = {http://www.zingdesign.com/less-vs-sass-its-time-to-switch-to-sass/},
 urldate = {2014-10-26}
}


